% This file was created with JabRef 2.10.
% Encoding: Cp1252


@Article{adamic2000power,
  Title                    = {Power-law distribution of the world wide web},
  Author                   = {Adamic, L.A. and others},
  Journal                  = {Science},
  Year                     = {2000},
  Number                   = {5461},
  Pages                    = {2115--2115},
  Volume                   = {287},

  Date-added               = {2012-12-19 02:05:34 -0600},
  Date-modified            = {2013-04-14 13:40:35 -0500},
  Owner                    = {cisstudent},
  Publisher                = {American Association for the Advancement of Science},
  Timestamp                = {2015.04.10}
}

@Book{agarwal2014online,
  Title                    = {Online collective action: Dynamics of the crowd in social media},
  Author                   = {Agarwal, Nitin and Lim, Merlyna and Wigand, Rolf T},
  Publisher                = {Springer},
  Year                     = {2014}
}

@InCollection{agarwal2012online,
  Title                    = {Online Collective Action and the Role of Social Media in Mobilizing Opinions: A Case Study on Women's Right-to-Drive Campaigns in Saudi Arabia},
  Author                   = {Agarwal, Nitin and Lim, Merlyna and Wigand, Rolf T},
  Booktitle                = {Web 2.0 Technologies and Democratic Governance},
  Publisher                = {Springer},
  Year                     = {2012},
  Pages                    = {99--123},

  Date-added               = {2014-01-27 02:33:29 +0000},
  Date-modified            = {2014-01-27 03:10:28 +0000},
  Owner                    = {cisstudent},
  Timestamp                = {2015.04.10}
}

@Article{agarwal2012raising,
  Title                    = {Raising and Rising Voices in Social Media},
  Author                   = {Agarwal, Nitin and Lim, Merlyna and Wigand, Rolf T},
  Journal                  = {Business \& Information Systems Engineering},
  Year                     = {2012},
  Number                   = {3},
  Pages                    = {113--126},
  Volume                   = {4},

  Date-added               = {2014-01-27 02:33:50 +0000},
  Date-modified            = {2014-01-27 02:43:59 +0000},
  Owner                    = {cisstudent},
  Publisher                = {Springer},
  Timestamp                = {2015.04.10}
}

@InProceedings{agarwal2011finding,
  Title                    = {Finding her master's voice: the power of collective action among female muslim bloggers.},
  Author                   = {Agarwal, Nitin and Lim, Merlyna and Wigand, Rolf T},
  Booktitle                = {ECIS},
  Year                     = {2011},

  Date-added               = {2014-01-27 02:33:26 +0000},
  Date-modified            = {2014-01-27 02:33:26 +0000},
  Owner                    = {cisstudent},
  Timestamp                = {2015.04.10}
}

@Article{agarwal2013grouping,
  Title                    = {Grouping the Similar among the Disconnected Bloggers},
  Author                   = {Agarwal, Nitin and Mahata, Debanjan},
  Journal                  = {Social Media Mining and Social Network Analysis: Emerging Research: Emerging Research},
  Year                     = {2013},
  Pages                    = {54},

  Publisher                = {IGI Global}
}

@InCollection{agarwal2014time,
  Title                    = {Time-and Event-Driven Modeling of Blogger Influence},
  Author                   = {Agarwal, Nitin and Mahata, Debanjan and Liu, Huan},
  Booktitle                = {Encyclopedia of Social Network Analysis and Mining},
  Publisher                = {Springer},
  Year                     = {2014},
  Pages                    = {2154--2165}
}

@InProceedings{agarwal2008identifying,
  Title                    = {Identifying the influential bloggers in a community},
  Author                   = {Agarwal, N. and others},
  Booktitle                = {Proceedings of the international conference on Web search and web data mining},
  Year                     = {2008},
  Organization             = {ACM},
  Pages                    = {207--218},

  Date-added               = {2012-12-19 02:10:28 -0600},
  Date-modified            = {2013-04-14 13:38:46 -0500},
  Owner                    = {cisstudent},
  Timestamp                = {2015.04.10}
}

@InProceedings{agarwal2008understanding,
  Title                    = {Understanding group interaction in blogosphere: a case study},
  Author                   = {Agarwal, N. and others},
  Booktitle                = {Proc 2nd international conference on computational cultural dynamics (ICCCD), September},
  Year                     = {2008},
  Pages                    = {15--16},

  Date-added               = {2012-12-19 02:09:51 -0600},
  Date-modified            = {2013-04-14 13:42:48 -0500},
  Owner                    = {cisstudent},
  Timestamp                = {2015.04.10}
}

@InProceedings{agarwal2010information,
  Title                    = {Information quality challenges in social media},
  Author                   = {Agarwal, Nitin and Yiliyasi, Yusuf},
  Booktitle                = {International Conference on Information Quality (ICIQ 2010), Little Rock, Arkansas},
  Year                     = {2010}
}

@InProceedings{agichtein2008finding,
  Title                    = {Finding high-quality content in social media},
  Author                   = {Agichtein, Eugene and Castillo, Carlos and Donato, Debora and Gionis, Aristides and Mishne, Gilad},
  Booktitle                = {Proceedings of the 2008 International Conference on Web Search and Data Mining},
  Year                     = {2008},
  Organization             = {ACM},
  Pages                    = {183--194}
}

@InProceedings{ahn2006stages,
  Title                    = {The stages of event extraction},
  Author                   = {Ahn, David},
  Booktitle                = {Proceedings of the Workshop on Annotating and Reasoning about Time and Events},
  Year                     = {2006},
  Organization             = {Association for Computational Linguistics},
  Pages                    = {1--8}
}

@Article{alejandro2011use,
  Title                    = {The use of metrics for measuring informality levels in web 2.0 texts},
  Author                   = {Alejandro, Mosquera and Paloma, Moreda},
  Year                     = {2011},

  Owner                    = {cisstudent},
  Timestamp                = {2015.04.09}
}

@Book{allan2002topic,
  Title                    = {Topic detection and tracking: event-based information organization},
  Author                   = {Allan, James},
  Publisher                = {Springer Science \& Business Media},
  Year                     = {2002},
  Volume                   = {12}
}

@InProceedings{allan1998line,
  Title                    = {On-line new event detection and tracking},
  Author                   = {Allan, James and Papka, Ron and Lavrenko, Victor},
  Booktitle                = {Proceedings of the 21st annual international ACM SIGIR conference on Research and development in information retrieval},
  Year                     = {1998},
  Organization             = {ACM},
  Pages                    = {37--45}
}

@InProceedings{ananthakrishna2002eliminating,
  Title                    = {Eliminating fuzzy duplicates in data warehouses},
  Author                   = {Ananthakrishna, Rohit and Chaudhuri, Surajit and Ganti, Venkatesh},
  Booktitle                = {Proceedings of the 28th international conference on Very Large Data Bases},
  Year                     = {2002},
  Organization             = {VLDB Endowment},
  Pages                    = {586--597}
}

@Book{anderson2008long,
  Title                    = {Long Tail, The, Revised and Updated Edition: Why the Future of Business is Selling Less of More},
  Author                   = {Anderson, C.},
  Publisher                = {Hyperion},
  Year                     = {2008},

  Date-added               = {2012-12-19 02:11:04 -0600},
  Date-modified            = {2012-12-19 02:11:04 -0600},
  Owner                    = {cisstudent},
  Timestamp                = {2015.04.10}
}

@Book{auer2007dbpedia,
  Title                    = {Dbpedia: A nucleus for a web of open data},
  Author                   = {Auer, S{\"o}ren and Bizer, Christian and Kobilarov, Georgi and Lehmann, Jens and Cyganiak, Richard and Ives, Zachary},
  Publisher                = {Springer},
  Year                     = {2007}
}

@Book{baeza1999modern,
  Title                    = {Modern information retrieval},
  Author                   = {Baeza-Yates, Ricardo and Ribeiro-Neto, Berthier and others},
  Publisher                = {ACM press New York},
  Year                     = {1999},
  Volume                   = {463},

  Owner                    = {cisstudent},
  Timestamp                = {2015.04.09}
}

@InProceedings{bakshy2012role,
  Title                    = {The role of social networks in information diffusion},
  Author                   = {Bakshy, Eytan and Rosenn, Itamar and Marlow, Cameron and Adamic, Lada},
  Booktitle                = {Proceedings of the 21st international conference on World Wide Web},
  Year                     = {2012},
  Organization             = {ACM},
  Pages                    = {519--528}
}

@Article{baldridge2005opennlp,
  Title                    = {The opennlp project},
  Author                   = {Baldridge, Jason},
  Journal                  = {URL: http://opennlp. apache. org/index. html,(accessed 2 February 2012)},
  Year                     = {2005}
}

@Article{baldwin2003lingpipe,
  Title                    = {LingPipe},
  Author                   = {Baldwin, Breck and Carpenter, Bob},
  Journal                  = {Available from World Wide Web: http://alias-i. com/lingpipe},
  Year                     = {2003}
}

@Article{barrons2012suleiman,
  Title                    = {'Suleiman: Mubarak decided to step down\# egypt\# jan25 OH MY GOD': Examining the use of social media in the 2011 Egyptian revolution},
  Author                   = {Barrons, Genevieve},
  Journal                  = {Contemporary Arab Affairs},
  Year                     = {2012},
  Number                   = {1},
  Pages                    = {54--67},
  Volume                   = {5},

  Owner                    = {cisstudent},
  Publisher                = {Taylor \& Francis},
  Timestamp                = {2015.04.09}
}

@InProceedings{becker2011automatic,
  Title                    = {Automatic Identification and Presentation of Twitter Content for Planned Events.},
  Author                   = {Becker, Hila and Chen, Feiyang and Iter, Dan and Naaman, Mor and Gravano, Luis},
  Booktitle                = {ICWSM},
  Year                     = {2011}
}

@InProceedings{becker2012identifying,
  Title                    = {Identifying content for planned events across social media sites},
  Author                   = {Becker, Hila and Iter, Dan and Naaman, Mor and Gravano, Luis},
  Booktitle                = {Proceedings of the fifth ACM international conference on Web search and data mining},
  Year                     = {2012},
  Organization             = {ACM},
  Pages                    = {533--542}
}

@Article{becker2011beyond,
  Title                    = {Beyond Trending Topics: Real-World Event Identification on Twitter.},
  Author                   = {Becker, Hila and Naaman, Mor and Gravano, Luis},
  Journal                  = {ICWSM},
  Year                     = {2011},
  Pages                    = {438--441},
  Volume                   = {11},

  Owner                    = {cisstudent},
  Timestamp                = {2015.04.09}
}

@Article{becker2011selecting,
  Title                    = {Selecting Quality Twitter Content for Events.},
  Author                   = {Becker, Hila and Naaman, Mor and Gravano, Luis},
  Journal                  = {ICWSM},
  Year                     = {2011},
  Volume                   = {11},

  Owner                    = {cisstudent},
  Timestamp                = {2015.04.09}
}

@InProceedings{becker2010learning,
  Title                    = {Learning similarity metrics for event identification in social media},
  Author                   = {Becker, Hila and Naaman, Mor and Gravano, Luis},
  Booktitle                = {Proceedings of the third ACM international conference on Web search and data mining},
  Year                     = {2010},
  Organization             = {ACM},
  Pages                    = {291--300}
}

@InProceedings{benevenuto2010detecting,
  Title                    = {Detecting spammers on twitter},
  Author                   = {Benevenuto, Fabricio and Magno, Gabriel and Rodrigues, Tiago and Almeida, Virgilio},
  Booktitle                = {Collaboration, electronic messaging, anti-abuse and spam conference (CEAS)},
  Year                     = {2010},
  Pages                    = {12},
  Volume                   = {6}
}

@InProceedings{benjelloun2007d,
  Title                    = {D-swoosh: A family of algorithms for generic, distributed entity resolution},
  Author                   = {Benjelloun, Omar and Garcia-Molina, Hector and Gong, Heng and Kawai, Hideki and Larson, Tait Eliott and Menestrina, David and Thavisomboon, Sutthipong},
  Booktitle                = {Distributed Computing Systems, 2007. ICDCS'07. 27th International Conference on},
  Year                     = {2007},
  Organization             = {IEEE},
  Pages                    = {37--37}
}

@Article{benjelloun2006generic,
  Title                    = {Generic entity resolution in the serf project},
  Author                   = {Benjelloun, Omar and Garcia-Molina, Hector and Kawai, Hideki and Larson, Tait Eliott and Menestrina, David and Su, Qi and Thavisomboon, Sutthipong and Widom, Jennifer},
  Journal                  = {IEEE Data Engineering Bulletin, June 2006 Issue},
  Year                     = {2006},

  Publisher                = {Stanford InfoLab}
}

@InProceedings{benson2011event,
  Title                    = {Event discovery in social media feeds},
  Author                   = {Benson, Edward and Haghighi, Aria and Barzilay, Regina},
  Booktitle                = {Proceedings of the 49th Annual Meeting of the Association for Computational Linguistics: Human Language Technologies-Volume 1},
  Year                     = {2011},
  Organization             = {Association for Computational Linguistics},
  Pages                    = {389--398}
}

@Article{bilenko2003adaptive,
  Title                    = {Adaptive name matching in information integration},
  Author                   = {Bilenko, Mikhail and Mooney, Raymond and Cohen, William and Ravikumar, Pradeep and Fienberg, Stephen},
  Journal                  = {IEEE Intelligent Systems},
  Year                     = {2003},
  Number                   = {5},
  Pages                    = {16--23},
  Volume                   = {18},

  Publisher                = {IEEE Computer Society}
}

@InProceedings{bilgic2006d,
  Title                    = {D-dupe: An interactive tool for entity resolution in social networks},
  Author                   = {Bilgic, Mustafa and Licamele, Louis and Getoor, Lise and Shneiderman, Ben},
  Booktitle                = {Visual Analytics Science And Technology, 2006 IEEE Symposium On},
  Year                     = {2006},
  Organization             = {IEEE},
  Pages                    = {43--50}
}

@InProceedings{bird2006nltk,
  Title                    = {NLTK: the natural language toolkit},
  Author                   = {Bird, Steven},
  Booktitle                = {Proceedings of the COLING/ACL on Interactive presentation sessions},
  Year                     = {2006},
  Organization             = {Association for Computational Linguistics},
  Pages                    = {69--72}
}

@InProceedings{bollacker2008freebase,
  Title                    = {Freebase: a collaboratively created graph database for structuring human knowledge},
  Author                   = {Bollacker, Kurt and Evans, Colin and Paritosh, Praveen and Sturge, Tim and Taylor, Jamie},
  Booktitle                = {Proceedings of the 2008 ACM SIGMOD international conference on Management of data},
  Year                     = {2008},
  Organization             = {ACM},
  Pages                    = {1247--1250}
}

@Article{bollen2009modeling,
  Title                    = {Modeling public mood and emotion: Twitter sentiment and socio-economic phenomena},
  Author                   = {Bollen, Johan and Pepe, Alberto and Mao, Huina},
  Journal                  = {arXiv preprint arXiv:0911.1583},
  Year                     = {2009}
}

@InProceedings{bontcheva2013twitie,
  Title                    = {TwitIE: An Open-Source Information Extraction Pipeline for Microblog Text.},
  Author                   = {Bontcheva, Kalina and Derczynski, Leon and Funk, Adam and Greenwood, Mark A and Maynard, Diana and Aswani, Niraj},
  Booktitle                = {RANLP},
  Year                     = {2013},
  Pages                    = {83--90},

  Owner                    = {cisstudent},
  Timestamp                = {2015.04.09}
}

@Article{bontcheva2013social,
  Title                    = {Social Media and Information Overload: Survey Results},
  Author                   = {Bontcheva, Kalina and Gorrell, Genevieve and Wessels, Bridgette},
  Journal                  = {arXiv preprint arXiv:1306.0813},
  Year                     = {2013}
}

@InProceedings{bortoli2007foaf,
  Title                    = {Foaf-O-Matic-Solving the Identity Problem in the FOAF Network.},
  Author                   = {Bortoli, Stefano and Stoermer, Heiko and Bouquet, Paolo and Wache, Holger},
  Booktitle                = {SWAP},
  Year                     = {2007}
}

@InProceedings{bouquet2010entity,
  Title                    = {Entity-centric Social Profile Integration},
  Author                   = {Bouquet, Paolo and Bortoli, Stefano},
  Booktitle                = {Proceedings of the International Workshop on Linking of User Profiles and Applications in the Social Semantic Web (LUPAS 2010)},
  Year                     = {2010},
  Pages                    = {52--57}
}

@InProceedings{bouquet2006okkam,
  Title                    = {OkkaM: Towards a Solution to the``Identity Crisis''on the Semantic Web.},
  Author                   = {Bouquet, Paolo and Stoermer, Heiko and Mancioppi, Michele and Giacomuzzi, Daniel},
  Booktitle                = {SWAP},
  Year                     = {2006},
  Volume                   = {201}
}

@Misc{breslinsemantically,
  Title                    = {Semantically-Interlinked Online Communities},

  Author                   = {Breslin, JG and Bojars, U}
}

@Article{brin1998anatomy,
  Title                    = {The anatomy of a large-scale hypertextual Web search engine},
  Author                   = {Brin, S. and others},
  Journal                  = {Computer networks and ISDN systems},
  Year                     = {1998},
  Number                   = {1},
  Pages                    = {107--117},
  Volume                   = {30},

  Date-added               = {2012-12-19 02:11:56 -0600},
  Date-modified            = {2013-04-14 13:41:46 -0500},
  Owner                    = {cisstudent},
  Publisher                = {Elsevier},
  Timestamp                = {2015.04.10}
}

@InProceedings{castillo2011information,
  Title                    = {Information credibility on twitter},
  Author                   = {Castillo, Carlos and Mendoza, Marcelo and Poblete, Barbara},
  Booktitle                = {Proceedings of the 20th international conference on World wide web},
  Year                     = {2011},
  Organization             = {ACM},
  Pages                    = {675--684},

  Owner                    = {cisstudent},
  Timestamp                = {2015.04.09}
}

@InProceedings{chen2009event,
  Title                    = {Event detection from flickr data through wavelet-based spatial analysis},
  Author                   = {Chen, Ling and Roy, Abhishek},
  Booktitle                = {Proceedings of the 18th ACM conference on Information and knowledge management},
  Year                     = {2009},
  Organization             = {ACM},
  Pages                    = {523--532}
}

@Article{cheong2011social,
  Title                    = {Social media data mining: A social network analysis of tweets during the 2010--2011 Australian floods},
  Author                   = {Cheong, F. and others},
  Journal                  = {PACIS 2011 Proceedings},
  Year                     = {2011},

  Date-added               = {2012-12-19 02:12:17 -0600},
  Date-modified            = {2013-04-14 13:41:23 -0500},
  Owner                    = {cisstudent},
  Timestamp                = {2015.04.10}
}

@InProceedings{chhabra2011phi,
  Title                    = {Phi. sh/\$ oCiaL: the phishing landscape through short URLs},
  Author                   = {Chhabra, Sidharth and Aggarwal, Anupama and Benevenuto, Fabricio and Kumaraguru, Ponnurangam},
  Booktitle                = {Proceedings of the 8th Annual Collaboration, Electronic messaging, Anti-Abuse and Spam Conference},
  Year                     = {2011},
  Organization             = {ACM},
  Pages                    = {92--101}
}

@Article{choudhary2012social,
  Title                    = {Social media evolution of the Egyptian revolution},
  Author                   = {Choudhary, Alok and Hendrix, William and Lee, Kathy and Palsetia, Diana and Liao, Wei-Keng},
  Journal                  = {Communications of the ACM},
  Year                     = {2012},
  Number                   = {5},
  Pages                    = {74--80},
  Volume                   = {55},

  Publisher                = {ACM}
}

@InProceedings{cohen2000hardening,
  Title                    = {Hardening soft information sources},
  Author                   = {Cohen, William W and Kautz, Henry and McAllester, David},
  Booktitle                = {Proceedings of the sixth ACM SIGKDD international conference on Knowledge discovery and data mining},
  Year                     = {2000},
  Organization             = {ACM},
  Pages                    = {255--259}
}

@Article{cunningham2002gate,
  Title                    = {GATE, a general architecture for text engineering},
  Author                   = {Cunningham, Hamish},
  Journal                  = {Computers and the Humanities},
  Year                     = {2002},
  Number                   = {2},
  Pages                    = {223--254},
  Volume                   = {36},

  Publisher                = {Springer}
}

@InProceedings{Damak2013,
  Title                    = {Effectiveness of State-of-the-art Features for Microblog Search},
  Author                   = {Damak, Firas and Pinel-Sauvagnat, Karen and Boughanem, Mohand and Cabanac, Guillaume},
  Booktitle                = {Proceedings of the 28th Annual ACM Symposium on Applied Computing},
  Year                     = {2013},
  Organization             = {ACM},
  Pages                    = {914--919},

  Owner                    = {cisstudent},
  Timestamp                = {2015.04.09}
}

@InProceedings{derczynski2013microblog,
  Title                    = {Microblog-genre noise and impact on semantic annotation accuracy},
  Author                   = {Derczynski, Leon and Maynard, Diana and Aswani, Niraj and Bontcheva, Kalina},
  Booktitle                = {Proceedings of the 24th ACM Conference on Hypertext and Social Media},
  Year                     = {2013},
  Organization             = {ACM},
  Pages                    = {21--30}
}

@InProceedings{deshpande2013building,
  Title                    = {Building, maintaining, and using knowledge bases: A report from the trenches},
  Author                   = {Deshpande, Omkar and Lamba, Digvijay S and Tourn, Michel and Das, Sanjib and Subramaniam, Sri and Rajaraman, Anand and Harinarayan, Venky and Doan, AnHai},
  Booktitle                = {Proceedings of the 2013 ACM SIGMOD International Conference on Management of Data},
  Year                     = {2013},
  Organization             = {ACM},
  Pages                    = {1209--1220}
}

@InProceedings{diakopoulos2012finding,
  Title                    = {Finding and assessing social media information sources in the context of journalism},
  Author                   = {Diakopoulos, Nicholas and De Choudhury, Munmun and Naaman, Mor},
  Booktitle                = {Proceedings of the SIGCHI Conference on Human Factors in Computing Systems},
  Year                     = {2012},
  Organization             = {ACM},
  Pages                    = {2451--2460},

  Owner                    = {cisstudent},
  Timestamp                = {2015.04.09}
}

@Article{doerr2006towards,
  Title                    = {Towards a core ontology for information integration},
  Author                   = {Doerr, Martin and Hunter, Jane and Lagoze, Carl},
  Journal                  = {Journal of Digital information},
  Year                     = {2006},
  Number                   = {1},
  Volume                   = {4}
}

@InProceedings{Duan2010,
  Title                    = {An empirical study on learning to rank of tweets},
  Author                   = {Duan, Yajuan and Jiang, Long and Qin, Tao and Zhou, Ming and Shum, Heung-Yeung},
  Booktitle                = {Proceedings of the 23rd International Conference on Computational Linguistics},
  Year                     = {2010},
  Organization             = {Association for Computational Linguistics},
  Pages                    = {295--303},

  Owner                    = {cisstudent},
  Timestamp                = {2015.04.09}
}

@Article{ekdale2007expression,
  Title                    = {From expression to influence: Understanding the change in blogger motivations over the blogspan},
  Author                   = {Ekdale, B. and others},
  Journal                  = {AEJMC, Washington, DC},
  Year                     = {2007},

  Date-added               = {2013-01-18 00:01:46 -0600},
  Date-modified            = {2013-04-14 13:38:29 -0500},
  Owner                    = {cisstudent},
  Timestamp                = {2015.04.10}
}

@Article{elmagarmid2007duplicate,
  Title                    = {Duplicate record detection: A survey},
  Author                   = {Elmagarmid, Ahmed K and Ipeirotis, Panagiotis G and Verykios, Vassilios S},
  Journal                  = {Knowledge and Data Engineering, IEEE Transactions on},
  Year                     = {2007},
  Number                   = {1},
  Pages                    = {1--16},
  Volume                   = {19},

  Publisher                = {IEEE}
}

@Article{erkan2004lexrank,
  Title                    = {LexRank: graph-based lexical centrality as salience in text summarization},
  Author                   = {Erkan, G{\"u}nes and Radev, Dragomir R},
  Journal                  = {Journal of Artificial Intelligence Research},
  Year                     = {2004},
  Pages                    = {457--479}
}

@Article{eyrich2008pr,
  Title                    = {PR practitioners' use of social media tools and communication technology},
  Author                   = {Eyrich, Nina and Padman, Monica L and Sweetser, Kaye D},
  Journal                  = {Public relations review},
  Year                     = {2008},
  Number                   = {4},
  Pages                    = {412--414},
  Volume                   = {34},

  Publisher                = {Elsevier}
}

@Article{fellegi1969theory,
  Title                    = {A theory for record linkage},
  Author                   = {Fellegi, Ivan P and Sunter, Alan B},
  Journal                  = {Journal of the American Statistical Association},
  Year                     = {1969},
  Number                   = {328},
  Pages                    = {1183--1210},
  Volume                   = {64},

  Publisher                = {Taylor \& Francis Group}
}

@InProceedings{filatova2006automatic,
  Title                    = {Automatic creation of domain templates},
  Author                   = {Filatova, Elena and Hatzivassiloglou, Vasileios and McKeown, Kathleen},
  Booktitle                = {Proceedings of the COLING/ACL on Main conference poster sessions},
  Year                     = {2006},
  Organization             = {Association for Computational Linguistics},
  Pages                    = {207--214}
}

@Misc{finkel2007named,
  Title                    = {Named Entity Recognition and the Stanford NER Software},

  Author                   = {Finkel, Jenny Rose},
  Year                     = {2007},

  Journal                  = {2007-03-01]. http://nlp. stanford. edu/software/jenny-ner-2007. pdf}
}

@TechReport{gao2011harnessing,
  Title                    = {Harnessing the crowdsourcing power of social media for disaster relief},
  Author                   = {Gao, Huiji and Barbier, Geoffrey and Goolsby, Rebecca and Zeng, Daniel},
  Institution              = {DTIC Document},
  Year                     = {2011}
}

@Article{garcia2006cosine,
  Title                    = {Cosine similarity and term weight tutorial},
  Author                   = {Garcia, E},
  Journal                  = {Information retrieval intelligence},
  Year                     = {2006}
}

@InProceedings{garcia2006pair,
  Title                    = {Pair-wise entity resolution: overview and challenges},
  Author                   = {Garcia-Molina, Hector},
  Booktitle                = {Proceedings of the 15th ACM international conference on Information and knowledge management},
  Year                     = {2006},
  Organization             = {ACM},
  Pages                    = {1--1}
}

@Article{gattani2013entity,
  Title                    = {Entity extraction, linking, classification, and tagging for social media: a wikipedia-based approach},
  Author                   = {Gattani, Abhishek and Lamba, Digvijay S and Garera, Nikesh and Tiwari, Mitul and Chai, Xiaoyong and Das, Sanjib and Subramaniam, Sri and Rajaraman, Anand and Harinarayan, Venky and Doan, AnHai},
  Journal                  = {Proceedings of the VLDB Endowment},
  Year                     = {2013},
  Number                   = {11},
  Pages                    = {1126--1137},
  Volume                   = {6},

  Publisher                = {VLDB Endowment}
}

@Article{gayo2013nepotistic,
  Title                    = {Nepotistic relationships in twitter and their impact on rank prestige algorithms},
  Author                   = {Gayo-Avello, Daniel},
  Journal                  = {Information Processing \& Management},
  Year                     = {2013},
  Number                   = {6},
  Pages                    = {1250--1280},
  Volume                   = {49},

  Owner                    = {cisstudent},
  Publisher                = {Elsevier},
  Timestamp                = {2015.04.09}
}

@Article{ghannam2011social,
  Title                    = {Social Media in the Arab World: Leading up to the Uprisings of 2011},
  Author                   = {Ghannam, Jeffrey},
  Journal                  = {Center for International Media Assistance},
  Year                     = {2011},
  Volume                   = {3}
}

@Book{golub1996matrix,
  Title                    = {Matrix computations},
  Author                   = {Golub, G.H. and others},
  Publisher                = {Johns Hopkins University Press},
  Year                     = {1996},
  Volume                   = {3},

  Date-added               = {2012-12-19 02:13:38 -0600},
  Date-modified            = {2013-04-14 13:39:53 -0500},
  Owner                    = {cisstudent},
  Timestamp                = {2015.04.10}
}

@InProceedings{grier2010spam,
  Title                    = {@ spam: the underground on 140 characters or less},
  Author                   = {Grier, Chris and Thomas, Kurt and Paxson, Vern and Zhang, Michael},
  Booktitle                = {Proceedings of the 17th ACM conference on Computer and communications security},
  Year                     = {2010},
  Organization             = {ACM},
  Pages                    = {27--37}
}

@InProceedings{gupta2012credibility,
  Title                    = {Credibility ranking of tweets during high impact events},
  Author                   = {Gupta, Aditi and Kumaraguru, Ponnurangam},
  Booktitle                = {Proceedings of the 1st Workshop on Privacy and Security in Online Social Media},
  Year                     = {2012},
  Organization             = {ACM},
  Pages                    = {2},

  Owner                    = {cisstudent},
  Timestamp                = {2015.04.09}
}

@InProceedings{gupta2012evaluating,
  Title                    = {Evaluating Event Credibility on Twitter.},
  Author                   = {Gupta, Manish and Zhao, Peixiang and Han, Jiawei},
  Booktitle                = {SDM},
  Year                     = {2012},
  Organization             = {SIAM},
  Pages                    = {153--164},

  Owner                    = {cisstudent},
  Timestamp                = {2015.04.09}
}

@Article{hallberg2012adaptation,
  Title                    = {An adaptation of the PageRank algorithm to Twitter world},
  Author                   = {Hallberg, V and Hjalmarsson, A and Puigcerver, J and Rydberg, C and Stjernberg, J},
  Year                     = {2012},

  Owner                    = {cisstudent},
  Timestamp                = {2015.04.09}
}

@Article{Hamdy2012,
  Title                    = {Framing the Egyptian uprising in Arabic language newspapers and social media},
  Author                   = {Hamdy, Naila and Gomaa, Ehab H},
  Journal                  = {Journal of Communication},
  Year                     = {2012},
  Number                   = {2},
  Pages                    = {195--211},
  Volume                   = {62},

  Publisher                = {Wiley Online Library}
}

@Article{hamdy2012framing,
  Title                    = {Framing the Egyptian uprising in Arabic language newspapers and social media},
  Author                   = {Hamdy, N. and others},
  Journal                  = {Journal of Communication},
  Year                     = {2012},

  Date-modified            = {2013-04-14 13:36:27 -0500},
  Owner                    = {cisstudent},
  Publisher                = {Wiley Online Library},
  Timestamp                = {2015.04.10}
}

@Article{harb2011arab,
  Title                    = {Arab revolutions and the social media effect},
  Author                   = {Harb, Z.},
  Journal                  = {M/C Journal},
  Year                     = {2011},
  Number                   = {2},
  Volume                   = {14},

  Owner                    = {cisstudent},
  Timestamp                = {2015.04.10}
}

@Article{hatzivassiloglou2003domain,
  Title                    = {Domain-independent detection, extraction, and labeling of atomic events},
  Author                   = {Hatzivassiloglou, Vasileios and Filatova, Elena},
  Year                     = {2003}
}

@InProceedings{Hatzivassiloglou2000,
  Title                    = {An investigation of linguistic features and clustering algorithms for topical document clustering},
  Author                   = {Hatzivassiloglou, Vasileios and Gravano, Luis and Maganti, Ankineedu},
  Booktitle                = {Proceedings of the 23rd annual international ACM SIGIR conference on Research and development in information retrieval},
  Year                     = {2000},
  Organization             = {ACM},
  Pages                    = {224--231}
}

@InProceedings{hatzivassiloglou2000investigation,
  Title                    = {An investigation of linguistic features and clustering algorithms for topical document clustering},
  Author                   = {Hatzivassiloglou, Vasileios and Gravano, Luis and Maganti, Ankineedu},
  Booktitle                = {Proceedings of the 23rd annual international ACM SIGIR conference on Research and development in information retrieval},
  Year                     = {2000},
  Organization             = {ACM},
  Pages                    = {224--231}
}

@Article{haveliwala2003topic,
  Title                    = {Topic-sensitive pagerank: A context-sensitive ranking algorithm for web search},
  Author                   = {Haveliwala, T.H.},
  Journal                  = {Knowledge and Data Engineering, IEEE Transactions on},
  Year                     = {2003},
  Number                   = {4},
  Pages                    = {784--796},
  Volume                   = {15},

  Owner                    = {cisstudent},
  Publisher                = {IEEE},
  Timestamp                = {2015.04.10}
}

@Article{hemp2009death,
  Title                    = {Death by information overload},
  Author                   = {Hemp, Paul},
  Journal                  = {Harvard business review},
  Year                     = {2009},
  Number                   = {9},
  Pages                    = {82--89},
  Volume                   = {87}
}

@Article{hernandez1998real,
  Title                    = {Real-world data is dirty: Data cleansing and the merge/purge problem},
  Author                   = {Hern{\'a}ndez, Mauricio A and Stolfo, Salvatore J},
  Journal                  = {Data mining and knowledge discovery},
  Year                     = {1998},
  Number                   = {1},
  Pages                    = {9--37},
  Volume                   = {2},

  Publisher                = {Springer}
}

@Book{herzog2007data,
  Title                    = {Data quality and record linkage techniques},
  Author                   = {Herzog, Thomas N and Scheuren, Fritz J and Winkler, William E},
  Publisher                = {Springer Science \& Business Media},
  Year                     = {2007}
}

@Article{hua2012information,
  Title                    = {Information extraction from microblogs: A survey},
  Author                   = {Hua, Wen and Huynh, Dat T and Hosseini, Saeid and Lu, Jiaheng and Zhou, Xiaofang},
  Journal                  = {Int. J. Soft. and Informatics},
  Year                     = {2012},
  Number                   = {4},
  Pages                    = {495--522},
  Volume                   = {6}
}

@InProceedings{huang2011quality,
  Title                    = {Quality-biased Ranking of Short Texts in Microblogging Services.},
  Author                   = {Huang, Minlie and Yang, Yi and Zhu, Xiaoyan},
  Booktitle                = {IJCNLP},
  Year                     = {2011},
  Pages                    = {373--382},

  Owner                    = {cisstudent},
  Timestamp                = {2015.04.09}
}

@InProceedings{Imran2013,
  Title                    = {Practical extraction of disaster-relevant information from social media},
  Author                   = {Imran, Muhammad and Elbassuoni, Shady and Castillo, Carlos and Diaz, Fernando and Meier, Patrick},
  Booktitle                = {Proceedings of the 22nd international conference on World Wide Web companion},
  Year                     = {2013},
  Organization             = {International World Wide Web Conferences Steering Committee},
  Pages                    = {1021--1024},

  Owner                    = {cisstudent},
  Timestamp                = {2015.04.09}
}

@InProceedings{inouye2011comparing,
  Title                    = {Comparing twitter summarization algorithms for multiple post summaries},
  Author                   = {Inouye, David and Kalita, Jugal K},
  Booktitle                = {Privacy, Security, Risk and Trust (PASSAT) and 2011 IEEE Third Inernational Conference on Social Computing (SocialCom), 2011 IEEE Third International Conference on},
  Year                     = {2011},
  Organization             = {IEEE},
  Pages                    = {298--306},

  Owner                    = {cisstudent},
  Timestamp                = {2015.04.09}
}

@Article{jarvelin2002cumulated,
  Title                    = {Cumulated gain-based evaluation of IR techniques},
  Author                   = {J{\"a}rvelin, Kalervo and Kek{\"a}l{\"a}inen, Jaana},
  Journal                  = {ACM Transactions on Information Systems (TOIS)},
  Year                     = {2002},
  Number                   = {4},
  Pages                    = {422--446},
  Volume                   = {20},

  Owner                    = {cisstudent},
  Publisher                = {ACM},
  Timestamp                = {2015.04.09}
}

@InProceedings{ji2008refining,
  Title                    = {Refining Event Extraction through Cross-Document Inference.},
  Author                   = {Ji, Heng and Grishman, Ralph},
  Booktitle                = {ACL},
  Year                     = {2008},
  Pages                    = {254--262}
}

@Article{johnson2004wag,
  Title                    = {Wag the blog: How reliance on traditional media and the internet influence credibility perceptions of weblogs among blog users},
  Author                   = {Johnson, T.J. and others},
  Journal                  = {Journalism \& Mass Communication Quarterly},
  Year                     = {2004},
  Number                   = {3},
  Pages                    = {622--642},
  Volume                   = {81},

  Date-added               = {2013-01-26 16:51:01 -0600},
  Date-modified            = {2013-04-14 13:43:03 -0500},
  Owner                    = {cisstudent},
  Publisher                = {SAGE Publications},
  Timestamp                = {2015.04.10}
}

@Article{kaplan2010users,
  Title                    = {Users of the world, unite! The challenges and opportunities of Social Media},
  Author                   = {Kaplan, Andreas M and Haenlein, Michael},
  Journal                  = {Business horizons},
  Year                     = {2010},
  Number                   = {1},
  Pages                    = {59--68},
  Volume                   = {53},

  Publisher                = {Elsevier}
}

@InProceedings{kennedy2009less,
  Title                    = {Less talk, more rock: automated organization of community-contributed collections of concert videos},
  Author                   = {Kennedy, L. and others},
  Booktitle                = {Proceedings of the 18th international conference on World wide web},
  Year                     = {2009},
  Organization             = {ACM},
  Pages                    = {311--320},

  Date-modified            = {2013-04-14 13:39:08 -0500},
  Owner                    = {cisstudent},
  Timestamp                = {2015.04.10}
}

@Article{kleinberg1999authoritative,
  Title                    = {Authoritative sources in a hyperlinked environment},
  Author                   = {Kleinberg, J.M.},
  Journal                  = {Journal of the ACM (JACM)},
  Year                     = {1999},
  Number                   = {5},
  Pages                    = {604--632},
  Volume                   = {46},

  Owner                    = {cisstudent},
  Publisher                = {ACM},
  Timestamp                = {2015.04.10}
}

@Article{kolb2012dedoop,
  Title                    = {Dedoop: efficient deduplication with Hadoop},
  Author                   = {Kolb, Lars and Thor, Andreas and Rahm, Erhard},
  Journal                  = {Proceedings of the VLDB Endowment},
  Year                     = {2012},
  Number                   = {12},
  Pages                    = {1878--1881},
  Volume                   = {5},

  Publisher                = {VLDB Endowment}
}

@InProceedings{kumaran2004text,
  Title                    = {Text classification and named entities for new event detection},
  Author                   = {Kumaran, Giridhar and Allan, James},
  Booktitle                = {Proceedings of the 27th annual international ACM SIGIR conference on Research and development in information retrieval},
  Year                     = {2004},
  Organization             = {ACM},
  Pages                    = {297--304}
}

@Article{langville2004deeper,
  Title                    = {Deeper inside pagerank},
  Author                   = {Langville, A.N. and others},
  Journal                  = {Internet Mathematics},
  Year                     = {2004},
  Number                   = {3},
  Pages                    = {335--380},
  Volume                   = {1},

  Date-modified            = {2013-04-14 13:43:49 -0500},
  Owner                    = {cisstudent},
  Publisher                = {Taylor \& Francis},
  Timestamp                = {2015.04.10}
}

@InCollection{laniado2010making,
  Title                    = {Making sense of twitter},
  Author                   = {Laniado, David and Mika, Peter},
  Booktitle                = {The Semantic Web--ISWC 2010},
  Publisher                = {Springer},
  Year                     = {2010},
  Pages                    = {470--485},

  Owner                    = {cisstudent},
  Timestamp                = {2015.04.09}
}

@InProceedings{lin2010design,
  Title                    = {Design patterns for efficient graph algorithms in MapReduce},
  Author                   = {Lin, Jimmy and Schatz, Michael},
  Booktitle                = {Proceedings of the Eighth Workshop on Mining and Learning with Graphs},
  Year                     = {2010},
  Organization             = {ACM},
  Pages                    = {78--85},

  Owner                    = {cisstudent},
  Timestamp                = {2015.04.09}
}

@TechReport{LOmariba,
  Title                    = {Is new media posing a serious challenge to traditional media?''},
  Author                   = {LOmariba},
  Institution              = {University of Westminster},
  Year                     = {2009},

  Date-added               = {2012-08-14 18:47:24 +0530},
  Date-modified            = {2012-08-14 18:51:59 +0530},
  Owner                    = {cisstudent},
  Timestamp                = {2015.04.10}
}

@InBook{,
  Title                    = {Online Social Media Analytics and Visualization},
  Author                   = {Debanjan Mahata and Nitin Agarwal},
  Chapter                  = {Identifying Event-specific Sources from Social Media},
  Editor                   = {Jalal Kawash},
  Publisher                = {Springer},
  Year                     = {2014},

  Owner                    = {cisstudent},
  Timestamp                = {2015.04.06}
}

@InProceedings{mahata2013learning,
  Title                    = {Learning from the crowd: an evolutionary mutual reinforcement model for analyzing events},
  Author                   = {Mahata, Debanjan and Agarwal, Nitin},
  Booktitle                = {Advances in Social Networks Analysis and Mining (ASONAM), 2013 IEEE/ACM International Conference on},
  Year                     = {2013},
  Organization             = {IEEE},
  Pages                    = {474--478}
}

@InProceedings{mahata2012does,
  Title                    = {What does everybody know? identifying event-specific sources from social media},
  Author                   = {Mahata, Debanjan and Agarwal, Nishant},
  Booktitle                = {Computational Aspects of Social Networks (CASoN), 2012 Fourth International Conference on},
  Year                     = {2012},
  Organization             = {IEEE},
  Pages                    = {63--68}
}

@Conference{,
  Title                    = {Analyzing Event-specific Socio-Technical Behaviors Through the Lens of Social Media},
  Author                   = {Debanjan Mahata and Nitin Agarwal},
  Booktitle                = {The International Sunbelt Social Network Conference (Sunbelt XXXII) organized by the International Network for Social Network Analysis (INSNA)},
  Year                     = {2012},

  Address                  = {Redondo Beach, California},

  Owner                    = {cisstudent},
  Timestamp                = {2015.04.06}
}

@InProceedings{mahataframework,
  Title                    = {A Framework for Collecting and Managing Entity Identity Information from Social Media},
  Author                   = {Mahata, Debanjan and Talburt, John},
  Booktitle                = {19th International Conference on Information Quality},
  Year                     = {2014},

  Address                  = {Xi'An, China}
}

@Patent{,
  Title                    = {A System for Collecting, Ranking and Managing Entity Identity Information from Social Media},
  Nationality              = {United States},
  Number                   = {62135258},
  Yearfiled                = {2015},
  Assignee                 = {Board of Trustees of University of Arkansas},
  Author                   = {Debanjan Mahata and John R. Talburt},

  Owner                    = {cisstudent},
  Timestamp                = {2015.04.06}
}

@InProceedings{,
  Title                    = {Identification and Ranking of Event-specific Entity-centric Informative Content from Twitter},
  Author                   = {Debanjan Mahata and John R. Talburt},
  Booktitle                = {20th International Conference On Applications Of Natural Language To Information Systems (NLDB 2015)},
  Year                     = {2015},

  Address                  = {Passau, Germany},

  Owner                    = {cisstudent},
  Timestamp                = {2015.04.06}
}

@Article{makkonen2004simple,
  Title                    = {Simple semantics in topic detection and tracking},
  Author                   = {Makkonen, Juha and Ahonen-Myka, Helena and Salmenkivi, Marko},
  Journal                  = {Information Retrieval},
  Year                     = {2004},
  Number                   = {3-4},
  Pages                    = {347--368},
  Volume                   = {7},

  Publisher                = {Springer}
}

@Article{mangold2009social,
  Title                    = {Social media: The new hybrid element of the promotion mix},
  Author                   = {Mangold, W Glynn and Faulds, David J},
  Journal                  = {Business horizons},
  Year                     = {2009},
  Number                   = {4},
  Pages                    = {357--365},
  Volume                   = {52},

  Publisher                = {Elsevier}
}

@InProceedings{marcus2011twitinfo,
  Title                    = {Twitinfo: aggregating and visualizing microblogs for event exploration},
  Author                   = {Marcus, A. and others},
  Booktitle                = {Proceedings of the 2011 annual conference on Human factors in computing systems},
  Year                     = {2011},
  Organization             = {ACM},
  Pages                    = {227--236},

  Date-modified            = {2013-04-14 13:42:31 -0500},
  Owner                    = {cisstudent},
  Timestamp                = {2015.04.10}
}

@InProceedings{mccreadie2013relevance,
  Title                    = {Relevance in microblogs: Enhancing tweet retrieval using hyperlinked documents},
  Author                   = {McCreadie, Richard and Macdonald, Craig},
  Booktitle                = {Proceedings of the 10th conference on open research areas in information retrieval},
  Year                     = {2013},
  Organization             = {LE CENTRE DE HAUTES ETUDES INTERNATIONALES D'INFORMATIQUE DOCUMENTAIRE},
  Pages                    = {189--196},

  Owner                    = {cisstudent},
  Timestamp                = {2015.04.09}
}

@InProceedings{mendoza2010twitter,
  Title                    = {Twitter Under Crisis: Can we trust what we RT?},
  Author                   = {Mendoza, Marcelo and Poblete, Barbara and Castillo, Carlos},
  Booktitle                = {Proceedings of the first workshop on social media analytics},
  Year                     = {2010},
  Organization             = {ACM},
  Pages                    = {71--79}
}

@Article{Metzgar2009,
  Title                    = {Social media and the 2008 US presidential election},
  Author                   = {Metzgar, Emily and Maruggi, Albert},
  Journal                  = {Journal of New Communications Research},
  Year                     = {2009},
  Number                   = {1},
  Pages                    = {141--165},
  Volume                   = {4}
}

@Article{metzgar2009social,
  Title                    = {Social media and the 2008 US presidential election},
  Author                   = {Metzgar, Emily and Maruggi, Albert},
  Journal                  = {Journal of New Communications Research},
  Year                     = {2009},
  Number                   = {1},
  Pages                    = {141--165},
  Volume                   = {4}
}

@InProceedings{Mihalcea2004,
  Title                    = {TextRank: Bringing order into texts},
  Author                   = {Mihalcea, R. and others},
  Booktitle                = {Proceedings of EMNLP},
  Year                     = {2004},
  Organization             = {Barcelona, Spain},
  Pages                    = {404--411},
  Volume                   = {4},

  Date-modified            = {2013-04-14 13:41:36 -0500},
  Owner                    = {cisstudent},
  Timestamp                = {2015.04.10}
}

@InProceedings{mihalcea2004textrank,
  Title                    = {TextRank: Bringing order into texts},
  Author                   = {Mihalcea, Rada and Tarau, Paul},
  Year                     = {2004},
  Organization             = {Association for Computational Linguistics},

  Owner                    = {cisstudent},
  Timestamp                = {2015.04.09}
}

@Article{nadeau2007survey,
  Title                    = {A survey of named entity recognition and classification},
  Author                   = {Nadeau, David and Sekine, Satoshi},
  Journal                  = {Lingvisticae Investigationes},
  Year                     = {2007},
  Number                   = {1},
  Pages                    = {3--26},
  Volume                   = {30},

  Publisher                = {John Benjamins publishing company}
}

@InProceedings{nagmoti2010ranking,
  Title                    = {Ranking approaches for microblog search},
  Author                   = {Nagmoti, Rinkesh and Teredesai, Ankur and De Cock, Martine},
  Booktitle                = {2010 IEEE/WIC/ACM International joint conference on Web Intelligence-Intelligent Agent Technology (WI-IAT)},
  Year                     = {2010},
  Organization             = {IEEE Computer Society},
  Pages                    = {153--157},
  Volume                   = {1},

  Owner                    = {cisstudent},
  Timestamp                = {2015.04.09}
}

@Article{newcombe1959automatic,
  Title                    = {Automatic Linkage of Vital Records Computers can be used to extract" follow-up" statistics of families from files of routine records},
  Author                   = {Newcombe, Howard B and Kennedy, James M and Axford, SJ and James, Allison P},
  Journal                  = {Science},
  Year                     = {1959},
  Number                   = {3381},
  Pages                    = {954--959},
  Volume                   = {130},

  Publisher                = {American Association for the Advancement of Science}
}

@InProceedings{nichols2012summarizing,
  Title                    = {Summarizing sporting events using twitter},
  Author                   = {Nichols, Jeffrey and Mahmud, Jalal and Drews, Clemens},
  Booktitle                = {Proceedings of the 2012 ACM international conference on Intelligent User Interfaces},
  Year                     = {2012},
  Organization             = {ACM},
  Pages                    = {189--198},

  Owner                    = {cisstudent},
  Timestamp                = {2015.04.09}
}

@Article{o2010tweets,
  Title                    = {From tweets to polls: Linking text sentiment to public opinion time series.},
  Author                   = {O'Connor, Brendan and Balasubramanyan, Ramnath and Routledge, Bryan R and Smith, Noah A},
  Journal                  = {ICWSM},
  Year                     = {2010},
  Pages                    = {122--129},
  Volume                   = {11},

  Owner                    = {cisstudent},
  Timestamp                = {2015.04.09}
}

@Article{oh2011information,
  Title                    = {Information control and terrorism: Tracking the Mumbai terrorist attack through twitter},
  Author                   = {Oh, Onook and Agrawal, Manish and Rao, H Raghav},
  Journal                  = {Information Systems Frontiers},
  Year                     = {2011},
  Number                   = {1},
  Pages                    = {33--43},
  Volume                   = {13},

  Publisher                = {Springer}
}

@InProceedings{olteanu2014crisislex,
  Title                    = {CrisisLex: A lexicon for collecting and filtering microblogged communications in crises},
  Author                   = {Olteanu, Alexandra and Castillo, Carlos and Diaz, Fernando and Vieweg, Sarah},
  Booktitle                = {In Proceedings of the 8th International AAAI Conference on Weblogs and Social Media (ICWSM" 14)},
  Year                     = {2014},
  Number                   = {EPFL-CONF-203561},

  Owner                    = {cisstudent},
  Timestamp                = {2015.04.09}
}

@Article{page1999pagerank,
  Title                    = {The PageRank citation ranking: Bringing order to the web.},
  Author                   = {Page, Lawrence and Brin, Sergey and Motwani, Rajeev and Winograd, Terry},
  Year                     = {1999},

  Owner                    = {cisstudent},
  Publisher                = {Stanford InfoLab},
  Timestamp                = {2015.04.09}
}

@InProceedings{petrovic2010streaming,
  Title                    = {Streaming first story detection with application to Twitter},
  Author                   = {Petrovi{\'c}, Sa{\v{s}}a and Osborne, Miles and Lavrenko, Victor},
  Booktitle                = {Human Language Technologies: The 2010 Annual Conference of the North American Chapter of the Association for Computational Linguistics},
  Year                     = {2010},
  Organization             = {Association for Computational Linguistics},
  Pages                    = {181--189}
}

@Article{petrovic2013can,
  Title                    = {Can Twitter replace Newswire for breaking news?},
  Author                   = {Petrovic, Sasa and Osborne, Miles and McCreadie, Richard and Macdonald, Craig and Ounis, Iadh},
  Year                     = {2013}
}

@InProceedings{phelan2009using,
  Title                    = {Using twitter to recommend real-time topical news},
  Author                   = {Phelan, Owen and McCarthy, Kevin and Smyth, Barry},
  Booktitle                = {Proceedings of the third ACM conference on Recommender systems},
  Year                     = {2009},
  Organization             = {ACM},
  Pages                    = {385--388},

  Owner                    = {cisstudent},
  Timestamp                = {2015.04.09}
}

@InCollection{piskorski2013information,
  Title                    = {Information extraction: Past, present and future},
  Author                   = {Piskorski, Jakub and Yangarber, Roman},
  Booktitle                = {Multi-source, multilingual information extraction and summarization},
  Publisher                = {Springer},
  Year                     = {2013},
  Pages                    = {23--49}
}

@InProceedings{Popescu2011,
  Title                    = {Extracting events and event descriptions from twitter},
  Author                   = {Popescu, A.M. and others},
  Booktitle                = {Proceedings of the 20th international conference companion on World wide web},
  Year                     = {2011},
  Organization             = {ACM},
  Pages                    = {105--106},

  Date-modified            = {2013-04-14 13:35:48 -0500},
  Owner                    = {cisstudent},
  Timestamp                = {2015.04.10}
}

@InProceedings{popescu2011extracting,
  Title                    = {Extracting events and event descriptions from Twitter},
  Author                   = {Popescu, Ana-Maria and Pennacchiotti, Marco and Paranjpe, Deepa},
  Booktitle                = {Proceedings of the 20th international conference companion on World wide web},
  Year                     = {2011},
  Organization             = {ACM},
  Pages                    = {105--106},

  Owner                    = {cisstudent},
  Timestamp                = {2015.04.09}
}

@InProceedings{prevost1996information,
  Title                    = {An information structural approach to spoken language generation},
  Author                   = {Prevost, Scott},
  Booktitle                = {Proceedings of the 34th annual meeting on Association for Computational Linguistics},
  Year                     = {1996},
  Organization             = {Association for Computational Linguistics},
  Pages                    = {294--301}
}

@InProceedings{purohit2013twitris,
  Title                    = {Twitris v3: From Citizen Sensing to Analysis, Coordination and Action.},
  Author                   = {Purohit, Hemant and Sheth, Amit P},
  Booktitle                = {ICWSM},
  Year                     = {2013},

  Owner                    = {cisstudent},
  Timestamp                = {2015.04.09}
}

@InProceedings{raad2010user,
  Title                    = {User profile matching in social networks},
  Author                   = {Raad, Elie and Chbeir, Richard and Dipanda, Albert},
  Booktitle                = {Network-Based Information Systems (NBiS), 2010 13th International Conference on},
  Year                     = {2010},
  Organization             = {IEEE},
  Pages                    = {297--304}
}

@InProceedings{ramos2003using,
  Title                    = {Using tf-idf to determine word relevance in document queries},
  Author                   = {Ramos, J.},
  Booktitle                = {Proceedings of the First Instructional Conference on Machine Learning},
  Year                     = {2003},

  Owner                    = {cisstudent},
  Timestamp                = {2015.04.10}
}

@InProceedings{ratinov2009design,
  Title                    = {Design challenges and misconceptions in named entity recognition},
  Author                   = {Ratinov, Lev and Roth, Dan},
  Booktitle                = {Proceedings of the Thirteenth Conference on Computational Natural Language Learning},
  Year                     = {2009},
  Organization             = {Association for Computational Linguistics},
  Pages                    = {147--155}
}

@InProceedings{ratkiewicz2011truthy,
  Title                    = {Truthy: mapping the spread of astroturf in microblog streams},
  Author                   = {Ratkiewicz, Jacob and Conover, Michael and Meiss, Mark and Gon{\c{c}}alves, Bruno and Patil, Snehal and Flammini, Alessandro and Menczer, Filippo},
  Booktitle                = {Proceedings of the 20th international conference companion on World wide web},
  Year                     = {2011},
  Organization             = {ACM},
  Pages                    = {249--252}
}

@InProceedings{Rattenbury2007,
  Title                    = {Towards automatic extraction of event and place semantics from flickr tags},
  Author                   = {Rattenbury, Tye and Good, Nathaniel and Naaman, Mor},
  Booktitle                = {Proceedings of the 30th annual international ACM SIGIR conference on Research and development in information retrieval},
  Year                     = {2007},
  Organization             = {ACM},
  Pages                    = {103--110}
}

@InProceedings{rattenbury2007towards,
  Title                    = {Towards automatic extraction of event and place semantics from flickr tags},
  Author                   = {Rattenbury, T. and others},
  Booktitle                = {Proceedings of the 30th annual international ACM SIGIR conference on Research and development in information retrieval},
  Year                     = {2007},
  Organization             = {ACM},
  Pages                    = {103--110},

  Date-modified            = {2013-04-14 13:42:05 -0500},
  Owner                    = {cisstudent},
  Timestamp                = {2015.04.10}
}

@Article{reese2007mapping,
  Title                    = {Mapping the blogosphere Professional and citizen-based media in the global news arena},
  Author                   = {Reese, S.D. and others},
  Journal                  = {Journalism},
  Year                     = {2007},
  Number                   = {3},
  Pages                    = {235--261},
  Volume                   = {8},

  Date-modified            = {2013-04-14 13:39:36 -0500},
  Owner                    = {cisstudent},
  Publisher                = {SAGE Publications},
  Timestamp                = {2015.04.10}
}

@InProceedings{Ritter2011,
  Title                    = {Named entity recognition in tweets: an experimental study},
  Author                   = {Ritter, Alan and Clark, Sam and Etzioni, Oren and others},
  Booktitle                = {Proceedings of the Conference on Empirical Methods in Natural Language Processing},
  Year                     = {2011},
  Organization             = {Association for Computational Linguistics},
  Pages                    = {1524--1534},

  Owner                    = {cisstudent},
  Timestamp                = {2015.04.09}
}

@InProceedings{ritter2011named,
  Title                    = {Named entity recognition in tweets: an experimental study},
  Author                   = {Ritter, Alan and Clark, Sam and Etzioni, Oren and others},
  Booktitle                = {Proceedings of the Conference on Empirical Methods in Natural Language Processing},
  Year                     = {2011},
  Organization             = {Association for Computational Linguistics},
  Pages                    = {1524--1534}
}

@Article{rodriguez2014quantifying,
  Title                    = {Quantifying information overload in social media and its impact on social contagions},
  Author                   = {Rodriguez, Manuel Gomez and Gummadi, Krishna and Schoelkopf, Bernhard},
  Journal                  = {arXiv preprint arXiv:1403.6838},
  Year                     = {2014}
}

@Article{rolling1981indexing,
  Title                    = {Indexing consistency, quality and efficiency},
  Author                   = {Rolling, L},
  Journal                  = {Information Processing \& Management},
  Year                     = {1981},
  Number                   = {2},
  Pages                    = {69--76},
  Volume                   = {17},

  Owner                    = {cisstudent},
  Publisher                = {Elsevier},
  Timestamp                = {2015.04.09}
}

@Article{ruhnau2000eigenvector,
  Title                    = {Eigenvector-centrality-a node-centrality?},
  Author                   = {Ruhnau, Britta},
  Journal                  = {Social networks},
  Year                     = {2000},
  Number                   = {4},
  Pages                    = {357--365},
  Volume                   = {22},

  Publisher                = {Elsevier}
}

@Article{sakaki2013tweet,
  Title                    = {Tweet analysis for real-time event detection and earthquake reporting system development},
  Author                   = {Sakaki, Takeshi and Okazaki, Makoto and Matsuo, Yutaka},
  Journal                  = {Knowledge and Data Engineering, IEEE Transactions on},
  Year                     = {2013},
  Number                   = {4},
  Pages                    = {919--931},
  Volume                   = {25},

  Owner                    = {cisstudent},
  Publisher                = {IEEE},
  Timestamp                = {2015.04.09}
}

@InProceedings{sakaki2010earthquake,
  Title                    = {Earthquake shakes Twitter users: real-time event detection by social sensors},
  Author                   = {Sakaki, Takeshi and Okazaki, Makoto and Matsuo, Yutaka},
  Booktitle                = {Proceedings of the 19th international conference on World wide web},
  Year                     = {2010},
  Organization             = {ACM},
  Pages                    = {851--860}
}

@InProceedings{sankaranarayanan2009twitterstand,
  Title                    = {Twitterstand: news in tweets},
  Author                   = {Sankaranarayanan, Jagan and Samet, Hanan and Teitler, Benjamin E and Lieberman, Michael D and Sperling, Jon},
  Booktitle                = {Proceedings of the 17th acm sigspatial international conference on advances in geographic information systems},
  Year                     = {2009},
  Organization             = {ACM},
  Pages                    = {42--51}
}

@Article{sarawagi2008information,
  Title                    = {Information extraction},
  Author                   = {Sarawagi, Sunita},
  Journal                  = {Foundations and trends in databases},
  Year                     = {2008},
  Number                   = {3},
  Pages                    = {261--377},
  Volume                   = {1},

  Publisher                = {Now Publishers Inc.}
}

@InProceedings{sarawagi2002interactive,
  Title                    = {Interactive deduplication using active learning},
  Author                   = {Sarawagi, Sunita and Bhamidipaty, Anuradha},
  Booktitle                = {Proceedings of the eighth ACM SIGKDD international conference on Knowledge discovery and data mining},
  Year                     = {2002},
  Organization             = {ACM},
  Pages                    = {269--278}
}

@InProceedings{Sen2012,
  Title                    = {Identifying focal patterns in social networks.},
  Author                   = {Sen, Fatih and Wigand, Rolf T and Agarwal, Nitin and Mahata, Debanjan and Bisgin, Halil},
  Booktitle                = {CASoN},
  Year                     = {2012},
  Pages                    = {105--108}
}

@InProceedings{Sen2012a,
  Title                    = {Identifying focal patterns in social networks.},
  Author                   = {Sen, Fatih and Wigand, Rolf T and Agarwal, Nitin and Mahata, Debanjan and Bisgin, Halil},
  Booktitle                = {CASoN},
  Year                     = {2012},
  Pages                    = {105--108}
}

@InProceedings{sen2012identifying,
  Title                    = {Identifying focal patterns in social networks.},
  Author                   = {Sen, Fatih and Wigand, Rolf T and Agarwal, Nitin and Mahata, Debanjan and Bisgin, Halil},
  Booktitle                = {CASoN},
  Year                     = {2012},
  Pages                    = {105--108}
}

@InProceedings{sharifi2010experiments,
  Title                    = {Experiments in microblog summarization},
  Author                   = {Sharifi, Beaux and Hutton, M-A and Kalita, Jugal K},
  Booktitle                = {Social Computing (SocialCom), 2010 IEEE Second International Conference on},
  Year                     = {2010},
  Organization             = {IEEE},
  Pages                    = {49--56},

  Owner                    = {cisstudent},
  Timestamp                = {2015.04.09}
}

@InCollection{shaw2009lode,
  Title                    = {Lode: Linking open descriptions of events},
  Author                   = {Shaw, Ryan and others},
  Booktitle                = {The Semantic Web},
  Publisher                = {Springer},
  Year                     = {2009},
  Pages                    = {153--167},

  Date-added               = {2013-04-15 23:19:55 -0500},
  Date-modified            = {2013-04-15 23:20:53 -0500},
  Owner                    = {cisstudent},
  Timestamp                = {2015.04.10}
}

@InProceedings{Singh2010,
  Title                    = {Mining the Blogosphere from a Socio-political Perspective},
  Author                   = {Singh, V.K. and others},
  Booktitle                = {Computer Information Systems and Industrial Management Applications (CISIM), 2010 International Conference on},
  Year                     = {2010},
  Organization             = {IEEE},
  Pages                    = {365--370},

  Date-modified            = {2013-04-14 13:40:21 -0500},
  Owner                    = {cisstudent},
  Timestamp                = {2015.04.10}
}

@InProceedings{singh2010clustering,
  Title                    = {A clustering and opinion mining approach to socio-political analysis of the blogosphere},
  Author                   = {Singh, Vivek Kumar and Adhikari, Rakesh and Mahata, Debanjan},
  Booktitle                = {Computational Intelligence and Computing Research (ICCIC), 2010 IEEE International Conference on},
  Year                     = {2010},
  Organization             = {IEEE},
  Pages                    = {1--4}
}

@InProceedings{singh2010mining,
  Title                    = {Mining the blogosphere from a socio-political perspective},
  Author                   = {Singh, Vivek Kumar and Mahata, Debanjan and Adhikari, Rakesh},
  Booktitle                = {Computer Information Systems and Industrial Management Applications (CISIM), 2010 International Conference on},
  Year                     = {2010},
  Organization             = {IEEE},
  Pages                    = {365--370}
}

@Article{smith2002basic,
  Title                    = {Basic formal ontology},
  Author                   = {Smith, Barry and Grenon, P},
  Journal                  = {Draft. Downloadable at http://ontology. buffalo. edu/bfo},
  Year                     = {2002}
}

@Article{talburt2007algebraic,
  Title                    = {An algebraic approach to data quality metrics for entity resolution over large datasets},
  Author                   = {Talburt, John and Wang, Richard and Hess, Kimberly and Kuo, Emily},
  Journal                  = {Information quality management: Theory and applications},
  Year                     = {2007},
  Pages                    = {1--22}
}

@Book{talburt2011entity,
  Title                    = {Entity resolution and information quality},
  Author                   = {Talburt, John R},
  Publisher                = {Elsevier},
  Year                     = {2011}
}

@Book{talburt2015entity,
  Title                    = {Entity Information Life Cycle for Big Data: Master Data Management and Information Integration},
  Author                   = {Talburt, John R and Zhou, Yinle},
  Publisher                = {Morgan Kaufmann},
  Year                     = {2015}
}

@Article{thelwall2011sentiment,
  Title                    = {Sentiment in Twitter events},
  Author                   = {Thelwall, M. and others},
  Journal                  = {Journal of the American Society for Information Science and Technology},
  Year                     = {2011},
  Number                   = {2},
  Pages                    = {406--418},
  Volume                   = {62},

  Date-modified            = {2013-04-14 13:41:12 -0500},
  Owner                    = {cisstudent},
  Publisher                = {Wiley Online Library},
  Timestamp                = {2015.04.10}
}

@Article{tonkin2012twitter,
  Title                    = {Twitter, information sharing and the London riots?},
  Author                   = {Tonkin, Emma and Pfeiffer, Heather D and Tourte, Greg},
  Journal                  = {Bulletin of the American Society for Information Science and Technology},
  Year                     = {2012},
  Number                   = {2},
  Pages                    = {49--57},
  Volume                   = {38},

  Publisher                = {Wiley Online Library}
}

@InProceedings{troncy2010linking,
  Title                    = {Linking events with media},
  Author                   = {Troncy, Rapha{\"e}l and others},
  Booktitle                = {Proceedings of the 6th International Conference on Semantic Systems},
  Year                     = {2010},
  Organization             = {ACM},
  Pages                    = {42},

  Date-added               = {2013-04-15 23:33:14 -0500},
  Date-modified            = {2013-04-15 23:33:52 -0500},
  Owner                    = {cisstudent},
  Timestamp                = {2015.04.10}
}

@InProceedings{tsagkias2011linking,
  Title                    = {Linking online news and social media},
  Author                   = {Tsagkias, Manos and de Rijke, Maarten and Weerkamp, Wouter},
  Booktitle                = {Proceedings of the fourth ACM international conference on Web search and data mining},
  Year                     = {2011},
  Organization             = {ACM},
  Pages                    = {565--574}
}

@InProceedings{tsur2012s,
  Title                    = {What's in a hashtag?: content based prediction of the spread of ideas in microblogging communities},
  Author                   = {Tsur, Oren and Rappoport, Ari},
  Booktitle                = {Proceedings of the fifth ACM international conference on Web search and data mining},
  Year                     = {2012},
  Organization             = {ACM},
  Pages                    = {643--652}
}

@Article{tunkelang2009twitter,
  Title                    = {A twitter analog to pagerank},
  Author                   = {Tunkelang, D},
  Journal                  = {The Noisy Channel},
  Year                     = {2009},

  Owner                    = {cisstudent},
  Timestamp                = {2015.04.09}
}

@InProceedings{vieweg2010microblogging,
  Title                    = {Microblogging during two natural hazards events: what twitter may contribute to situational awareness},
  Author                   = {Vieweg, S. and others},
  Booktitle                = {Proceedings of the 28th international conference on Human factors in computing systems},
  Year                     = {2010},
  Organization             = {ACM},
  Pages                    = {1079--1088},

  Date-modified            = {2013-04-14 13:40:07 -0500},
  Owner                    = {cisstudent},
  Timestamp                = {2015.04.10}
}

@InProceedings{vosecky2012searching,
  Title                    = {Searching for quality microblog posts: Filtering and ranking based on content analysis and implicit links},
  Author                   = {Vosecky, Jan and Leung, Kenneth Wai-Ting and Ng, Wilfred},
  Booktitle                = {Database Systems for Advanced Applications},
  Year                     = {2012},
  Organization             = {Springer},
  Pages                    = {397--413},

  Owner                    = {cisstudent},
  Timestamp                = {2015.04.09}
}

@Article{walker2013russia,
  Title                    = {Russia to Monitor 'All Communications' at Winter Olympics in Sochi},
  Author                   = {Walker, Shaun},
  Journal                  = {The Guardian, October},
  Year                     = {2013},
  Volume                   = {6}
}

@InProceedings{wang1989inter,
  Title                    = {The inter-database instance identification problem in integrating autonomous systems},
  Author                   = {Wang, Y Richard and Madnick, Stuart E},
  Booktitle                = {Data Engineering, 1989. Proceedings. Fifth International Conference on},
  Year                     = {1989},
  Organization             = {IEEE},
  Pages                    = {46--55}
}

@InProceedings{wei2008query,
  Title                    = {Query-sensitive mutual reinforcement chain and its application in query-oriented multi-document summarization},
  Author                   = {Wei, Furu and Li, Wenjie and Lu, Qin and He, Yanxiang},
  Booktitle                = {Proceedings of the 31st annual international ACM SIGIR conference on Research and development in information retrieval},
  Year                     = {2008},
  Organization             = {ACM},
  Pages                    = {283--290},

  Owner                    = {cisstudent},
  Timestamp                = {2015.04.09}
}

@Article{weng2011event,
  Title                    = {Event Detection in Twitter.},
  Author                   = {Weng, Jianshu and Lee, Bu-Sung},
  Journal                  = {ICWSM},
  Year                     = {2011},
  Pages                    = {401--408},
  Volume                   = {11}
}

@InProceedings{weng2010twitterrank,
  Title                    = {Twitterrank: finding topic-sensitive influential twitterers},
  Author                   = {Weng, Jianshu and Lim, Ee-Peng and Jiang, Jing and He, Qi},
  Booktitle                = {Proceedings of the third ACM international conference on Web search and data mining},
  Year                     = {2010},
  Organization             = {ACM},
  Pages                    = {261--270},

  Owner                    = {cisstudent},
  Timestamp                = {2015.04.09}
}

@InProceedings{yang1998study,
  Title                    = {A study of retrospective and on-line event detection},
  Author                   = {Yang, Yiming and Pierce, Tom and Carbonell, Jaime},
  Booktitle                = {Proceedings of the 21st annual international ACM SIGIR conference on Research and development in information retrieval},
  Year                     = {1998},
  Organization             = {ACM},
  Pages                    = {28--36}
}

@InProceedings{yardi2010tweeting,
  Title                    = {Tweeting from the Town Square: Measuring Geographic Local Networks.},
  Author                   = {Yardi, Sarita and Boyd, Danah},
  Booktitle                = {ICWSM},
  Year                     = {2010}
}

@Article{yardi2009detecting,
  Title                    = {Detecting spam in a twitter network},
  Author                   = {Yardi, Sarita and Romero, Daniel and Schoenebeck, Grant and others},
  Journal                  = {First Monday},
  Year                     = {2009},
  Number                   = {1},
  Volume                   = {15},

  Owner                    = {cisstudent},
  Timestamp                = {2015.04.09}
}

@InProceedings{younus2011average,
  Title                    = {What do the average twitterers say: A twitter model for public opinion analysis in the face of major political events},
  Author                   = {Younus, A. and others},
  Booktitle                = {Advances in Social Networks Analysis and Mining (ASONAM), 2011 International Conference on},
  Year                     = {2011},
  Organization             = {IEEE},
  Pages                    = {618--623},

  Date-modified            = {2013-04-14 13:43:29 -0500},
  Owner                    = {cisstudent},
  Timestamp                = {2015.04.10}
}

@Article{zacks2001event,
  Title                    = {Event structure in perception and conception.},
  Author                   = {Zacks, Jeffrey M and Tversky, Barbara},
  Journal                  = {Psychological bulletin},
  Year                     = {2001},
  Number                   = {1},
  Pages                    = {3},
  Volume                   = {127},

  Publisher                = {American Psychological Association}
}

@Misc{zalta2003stanford,
  Title                    = {Stanford encyclopedia of philosophy},

  Author                   = {Zalta, Edward N and Abramsky, Samson},
  Year                     = {2003},

  Publisher                = {Stanford University. The Metaphysics Research Lab}
}

@InProceedings{zhang2007new,
  Title                    = {New event detection based on indexing-tree and named entity},
  Author                   = {Zhang, Kuo and Zi, Juan and Wu, Li Gang},
  Booktitle                = {Proceedings of the 30th annual international ACM SIGIR conference on Research and development in information retrieval},
  Year                     = {2007},
  Organization             = {ACM},
  Pages                    = {215--222}
}

@Article{zhao2011comparing,
  Title                    = {Comparing twitter and traditional media using topic models},
  Author                   = {Zhao, W. and others},
  Journal                  = {Advances in Information Retrieval},
  Year                     = {2011},
  Pages                    = {338--349},

  Date-modified            = {2013-04-14 13:35:05 -0500},
  Owner                    = {cisstudent},
  Publisher                = {Springer},
  Timestamp                = {2015.04.10}
}

@InProceedings{zhou2011entity,
  Title                    = {Entity identity information management (EIIM)},
  Author                   = {Zhou, Yinle and Talburt, John},
  Booktitle                = {International Conference on Information Quality (ICIQ-11), Adelaide, Australia},
  Year                     = {2011},
  Pages                    = {327--341}
}

@Article{,
  Owner                    = {cisstudent},
  Timestamp                = {2015.04.19}
}

@Electronic{pewresearch,
  Title                    = {Social Networking Fact Sheet},
  Organization             = {Pew Research Center for Internet, Science and Tech},
  Url                      = {http://www.pewinternet.org/fact-sheets/social-networking-fact-sheet/},
  Year                     = {2014},

  Owner                    = {cisstudent},
  Timestamp                = {2015.04.16}
}

@Electronic{socialmediaforevents,
  Title                    = {Social Media for Events},
  Url                      = {http://socialmediaforeventsebook.com/},
  Year                     = {2014},

  Owner                    = {cisstudent},
  Timestamp                = {2015.04.19}
}

@Other{difflib,
  Bdsk-url-1               = {http://docs.python.org/2/library/difflib.html},
  Date-added               = {2013-01-18 04:59:15 -0600},
  Date-modified            = {2013-01-18 05:00:29 -0600},
  Keywords                 = {difflib library},
  LastChecked              = {01/18/2013},
  Month                    = {January},
  Owner                    = {cisstudent},
  Timestamp                = {2015.04.10},
  Url                      = {http://docs.python.org/2/library/difflib.html},
  Year                     = {2013}
}

@Electronic{coloradoshooting,
  Title                    = {Theater shooting unfolds in real time on social media},
  Url                      = {http://www.cnn.com/2012/07/20/tech/social-media/colorado-shooting-social-media/},
  Year                     = {2012},

  Owner                    = {cisstudent},
  Timestamp                = {2015.04.19}
}

@Electronic{egyptianrevinternetblackout,
  Title                    = {Google and Twitter launch service enabling Egyptians to tweet by phone},
  Url                      = {http://www.theguardian.com/technology/2011/feb/01/google-twitter-egypt},
  Year                     = {2011},

  Owner                    = {cisstudent},
  Timestamp                = {2015.04.19}
}

@Electronic{ladendeathnews,
  Title                    = {How bin Laden news spread on Twitter},
  Url                      = {http://www.cnn.com/2011/TECH/social.media/05/02/osama.bin.laden.twitter/},
  Year                     = {2011},

  Owner                    = {cisstudent},
  Timestamp                = {2015.04.19}
}

